<?xml version="1.0" encoding="UTF-8"?><collection xmlns="http://www.loc.gov/MARC21/slim"><record><leader>00437nam--2200181-u-4500</leader><controlfield tag="001">000053564</controlfield><controlfield tag="002">20161230</controlfield><controlfield tag="005">20161230201051</controlfield><controlfield tag="008">110428s1000------------r-----000-0-rus-d</controlfield><datafield ind1=" " ind2=" " tag="040"><subfield code="a">IFIN-HH</subfield></datafield><datafield ind1=" " ind2=" " tag="041"><subfield code="a">rus</subfield></datafield><datafield ind1=" " ind2=" " tag="080"><subfield code="a">535.371.07</subfield></datafield><datafield ind1="1" ind2=" " tag="100"><subfield code="a">Ivanov, A.P</subfield></datafield><datafield ind1="1" ind2="0" tag="245"><subfield code="a">Optika liuminescenthogo ekrana</subfield><subfield code="c">A.p. ivanov; k.g. pregko</subfield></datafield><datafield ind1=" " ind2=" " tag="260"><subfield code="a">Minsk</subfield><subfield code="b">Nauka I Tehnika</subfield><subfield code="c">1984</subfield></datafield><datafield ind1=" " ind2=" " tag="300"><subfield code="a">272P</subfield></datafield><datafield ind1="1" ind2=" " tag="700"><subfield code="a">Pregko, K.G</subfield></datafield><datafield ind1=" " ind2=" " tag="852"><subfield code="a">72317</subfield></datafield></record></collection>